
@incollection{nissenbaum,
  title={Values in technical design},
  author={Nissenbaum, Helen},
  booktitle={Encyclopedia of science, technology, and ethics},
  pages={66--70},
  year={2005},
  publisher={Macmillan New York, NY}
}


@incollection{priv,
  title={Privatsphäre},
  author={Grimm, Petra und Krah, Hans},
  booktitle={Handbuch Medien- und Informationsethik},
  editor={Heesen, Jessica},
  pages={178--185},
  year={2017},
  publisher={Springer: Wiesbaden}
}

@InCollection{sullins,
	author       =	{Sullins, John},
	title        =	{Information Technology and Moral Values},
	booktitle    =	{The Stanford Encyclopedia of Philosophy},
	editor       =	{Edward N. Zalta},
	howpublished =	{\url{https://plato.stanford.edu/archives/sum2019/entries/it-moral-values/}},
	year         =	{2019},
	edition      =	{Summer 2019},
	publisher    =	{Metaphysics Research Lab, Stanford University}
}

@incollection{comEthics,
  title={What is computer ethics?},
  author={Moor, James H},
  booktitle={Metaphilosophy},
  volume={16},
  number={4},
  pages={266--275},
  year={1985},
  url={https://web.cs.ucdavis.edu/~rogaway/classes/188/spring06/papers/moor.html}
}

@incollection{haker,
  title={Soziale Roboter f{\"u}r {\"a}ltere Menschen? Ethische {\"U}berlegungen zur sozialen Interaktion mit Robotern im Gesundheitswesen},
  author={Haker, Hille},
  editor={Leggewie, Claus},
  booktitle={Kooperation ohne Akteure? Automatismen in der Globalisierung},
  year={2014},
  pages={55-68},
  publisher={Käte Hamburger Kolleg/Centre for Global Cooperation Research, Duisburg},
  url={https://ecommons.luc.edu/theology_facpubs/56/}
}

@article{sharky,
  title={Granny and the robots: ethical issues in robot care for the elderly},
  author={Sharkey, Amanda and Sharkey, Noel},
  journal={Ethics and information technology},
  year="2012",
  month="Mar",
  day="01",
  volume={14},
  number={1},
  pages={27--40},
  year={2012},
  publisher={Springer},
  url="https://doi.org/10.1007/s10676-010-9234-6",
  issn="1572-8439"
}


@incollection{kehl,
  title={Wege zu verantwortungsvoller Forschung und Entwicklung im Bereich der Pflegerobotik: Die ambivalente Rolle der Ethik},
  author={Kehl, Christop},
  editor={Bendel, Oliver},
  booktitle={Pflegeroboter},
  year={2018},
  pages={141-160},
  publisher={Springer},
  url={https://link.springer.com/book/10.1007\%2F978-3-658-22698-5}
}

@incollection{vier,
  title={Sozial interagierende Roboter in der Pflege},
  author={Janowski et al., Kathrin},
  editor={Bendel, Oliver},
  booktitle={Pflegeroboter},
  year={2018},
  pages={63-68},
  publisher={Springer},
  url={https://link.springer.com/book/10.1007\%2F978-3-658-22698-5}
}

@incollection{zwolf,
  title={Umsorgen, überwachen, unterhalten – sind Pflegeroboter ethisch vertretbar?},
  author={Kreis, Jeanne},
  editor={Bendel, Oliver},
  booktitle={Pflegeroboter},
  year={2018},
  pages={213-228},
  publisher={Springer},
  url={https://link.springer.com/book/10.1007\%2F978-3-658-22698-5}
}
 

@article{sparrow,
  title={In the hands of machines? The future of aged care},
  author={Sparrow, Robert and Sparrow, Linda},
  journal={Minds and Machines},
  volume={16},
  number={2},
  pages={141--161},
  year={2006},
  publisher={Springer}
}

@article{mill,
  title={Utilitarismus},
  author={John Stuart Mill},
  year={1861},
  url={http://www.earlymoderntexts.com/assets/pdfs/mill1863.pdf}
}

